2182 3818
143 205 221 259 no
294 250 298 255 ,
351 194 359 203 ’
517 181 641 252 VITA

137 318 436 424 giconstantiaeque
451 317 696 419 inexuperabilis
710 319 856 394 adversus
871 321 1014 401 exitiales

140 429 238 531 pestes
250 424 344 499 seculi
361 425 494 511 luxum,
512 425 634 512 aleam,
656 422 846 498 libidinem?
870 432 1014 524 Virginis

140 559 216 609 eum
224 529 352 603 semeiae
359 523 466 617 fuisse,
482 527 569 624 quafi
583 529 717 600 alterum
732 534 903 626 Originem
920 533 1014 606 Ada.

139 629 891 722 mentiumplibiexfamiliarumrelatudiximus.
917 639 1025 711 Unus..
1069 696 1072 703 .

139 765 254 837 nempe
262 735 399 808 discendi
415 761 506 809 amor
520 737 629 833 gloriae
645 737 834 833 flagrantem
859 742 1026 815 animum)-

75 832 85 843 “
137 842 284 919 inceffens
297 892 308 927 ‚
323 840 505 937 degeneres,
516 841 591 912 inde
602 839 794 913 caducarum
807 867 918 915 rerum
931 846 1028 921 reli«.

135 944 1013 1047 quatumomniumcupidinee‚velutielavusclavotru·

136 1054 245 1139 ditur,
264 1046 440 1145 dispulerat.
489 1050 593 1146 Qod
612 1048 652 1120 de
676 1050 856 1148 Hippolyto
877 1040 1012 1148 qiioque

132 1156 246 1230 Thesei
254 1148 322 1223 filio
330 1151 519 1224 mortalium
537 1150 702 1225 castissimo
714 1152 827 1225 fabulae
844 1155 1010 1247 testantur,

134 1268 191 1359 qui
200 1283 270 1351 non
279 1272 345 1329 tam
353 1271 495 1344 venatus,
502 1274 537 1327 ut
545 1263 645 1352 ajunt,
653 1268 750 1349 quam
772 1255 929 1354 sapientiae
945 1260 1011 1333 stu·

136 1366 194 1436 dio
212 1358 1012 1458 (eratenimieOrphicaePhilosophiaesummede·

137 1467 248 1560 ditus)
265 1465 304 1535 ab
318 1466 408 1535 omni
424 1469 617 1562 cogitatione
626 1469 768 1537 Venerea
784 1463 937 1539 abstinuit
951 1492 1020 1545 (ωε.

28 1612 31 1618 ·
134 1565 411 1644 cusadformosae.
459 1568 650 1640 observatur
658 1571 767 1640 animo
786 1569 872 1640 haud
884 1566 1022 1666 illepidi.

135 1672 419 1758 feeiirecordatio,
438 1671 659 1766 quaeadfidem
676 1673 766 1744 dietis
780 1672 1021 1747 adstruendam

133 1777 303 1852 mirefacit.
352 1777 588 1871 commigraret
599 1780 761 1848 Patavium
777 1774 932 1849 &fornice
941 1781 1008 1855 ve,

133 1901 211 1957 neto
219 1877 370 1953 hilaribus
378 1880 473 1950 Thais
484 1905 545 1949 una
554 1887 703 1953 omniurn
711 1880 1007 1974 sacertumamtjus

134 1982 350 2062 ventutemad
366 1982 525 2080 pudorem
533 1998 639 2055 natam
654 1983 673 2053 ὲ
689 1986 842 2056 Minervae
857 1983 951 2055 [aeris
965 1983 1007 2059 iel
1073 2047 1075 2052 .

133 2097 265 2165 Veneris
281 2085 504 2171 volutabrum,
521 2088 556 2154 &
572 2086 686 2159 Bacchi
709 2090 800 2185 orgia
814 2089 1007 2163 traduceret.

116 2202 120 2211 '
133 2199 237 2290 Hujus
247 2191 301 2264 ille
308 2215 383 2262 eum
391 2188 475 2261 fores
485 2194 735 2287 praeteriretpno
743 2208 836 2289 atque
843 2193 945 2263 altero
953 2190 1018 2267 so·¹

134 2301 199 2371 dali
208 2300 394 2378 comitatus,
409 2293 521 2387 quibus
537 2294 678 2366 mulieris
693 2294 776 2368 fraus
793 2320 862 2365 non
888 2299 1005 2392 ignote

135 2420 204 2475 erat
219 2396 427 2485 forteaccidit‚
436 2415 471 2469 ut
480 2398 554 2470 illex
566 2399 767 2471 investibulo
782 2400 899 2469 aedium
916 2395 1006 2473 sede·

129 2507 320 2600 retaucupio
332 2507 471 2573 intenta:
494 2526 563 2598 quae
571 2521 606 2574 ut
614 2511 742 2598 juvenes
752 2505 937 2575 accedentes
953 2506 1015 2587 vie.

130 2611 191 2695 dit,
199 2608 333 2680 obviam
344 2605 428 2677 ultro
437 2608 594 2705 prodiens,
602 2613 636 2680 iis
643 2609 757 2696 verbis,
766 2632 807 2678 eo
827 2605 917 2704 gestu
932 2628 1004 2687 me«

128 2737 246 2800 nuum,
253 2737 293 2783 eo
303 2725 395 2795 nutu,
403 2711 554 2808 vultuque
562 2712 637 2787 illos
653 2711 818 2809 prosecuta
835 2710 899 2795 est,
915 2731 1004 2791 nun,-

129 2841 227 2914 quam
235 2815 291 2886 fibi
299 2840 339 2884 ne
347 2812 387 2885 de
396 2806 477 2886 facie
489 2817 616 2911 quidem
626 2833 699 2893 ante
707 2818 866 2910 cognitos,
874 2829 910 2884 ut
920 2810 1002 2887 nihil

130 2916 519 3019 potueritfieriamantius.
556 2925 639 3019 Qae
652 2942 722 2989 non
732 2921 1002 3014 omninogratui·

129 3043 166 3095 tae
176 3022 406 3097 benevolentiae
422 3027 617 3094 imitamenta
633 3027 868 3109 Maurocenus,
882 3038 919 3091 ut
932 3036 1001 3093 erat

127 3125 1001 3226 ingenuo,expeetequenequitiarumanianonelior-

125 3231 196 3304 sum
209 3231 254 3306 est
267 3235 498 3326 interpretatus,
508 3254 603 3325 quam
616 3224 742 3299 fioffieii
756 3252 835 3325 ergo
851 3228 1000 3301 diceren-

124 3349 189 3410 tur.
238 3332 997 3451 Ubinuncluxutiaeerumpotienteinneedpm

946 3456 998 3507 m·
