2174 3810
246 359 478 435 ANDREAE
504 356 842 434 MAUROCENI.
895 380 965 434 ιη

90 500 242 604 'ingreffo
250 502 406 603 ephoebos
414 524 513 600 puero
523 517 651 573 tantum
660 494 970 579 invenias'doliinca·

97 613 262 707 paucitatis,
278 623 430 701 qnantum
443 608 476 677 in
492 605 550 675 iilo
563 604 624 674 fuit
640 606 698 678 sub
708 610 774 705 ipso
781 614 873 681 etatis
883 634 970 697 vere,

99 713 195 787 firma
203 712 394 796 valetudine,
410 713 544 806 corporis
563 710 674 781 habitu
695 710 736 782 de
752 713 855 785 calore
871 715 971 811 pluri·

100 843 199 890 mum
206 818 357 901 trahente,
368 830 519 885 tamvero
533 830 650 908 vegeto
659 819 809 909 ingenio,
823 834 858 887 ut
872 816 970 889 subti-

100 918 290 994 liffimarum
305 915 704 1011 rerum-disquisitionibus
731 944 790 1015 par
810 916 901 992 effet?
927 924 972 991 ita

101 1021 247 1124 profesto
259 1025 307 1112 fit,
316 1023 358 1094 de
369 1020 825 1107 fixaomnibushorisvirtuti,
839 1026 975 1093 veritati·

102 1156 164 1228 que
180 1128 370 1226 vestigandae
385 1128 539 1221 cogitatio
553 1125 780 1198 indocilitatem
797 1128 884 1197 hanc
898 1127 978 1222 parit

97 1240 283 1308 animorum
293 1231 333 1302 ad
343 1256 392 1317 ea,
401 1252 543 1324 quorum
553 1232 715 1323 ignoratio
736 1229 830 1298 nobis
848 1230 978 1326 expedi·

90 1355 145 1412 net
153 1342 269 1432 magis.
319 1339 392 1424 jam
412 1356 527 1402 omnes
548 1332 753 1428 Philosophioe
768 1350 874 1430 partes
889 1333 979 1405 houd

98 1438 858 1538 petfiinttorieperceperat‚Geometriciquoque
868 1437 982 1533 pulve·

102 1538 975 1631 ris,observationumqueastronomicarumnonomni·

106 1671 158 1717 no
175 1670 301 1749 expers:
327 1648 481 1739 primores
497 1642 794 1728 Iurisconsuitorum
816 1645 980 1717 audierati

105 1749 272 1848 specimen
280 1746 403 1816 dederat
411 1751 445 1815 in
454 1746 581 1815 Muficis
590 1750 978 1845 peritusdiagrammatum

106 1854 394 1934 harmonicorum,
402 1872 460 1918 nec
468 1850 613 1927 indoctus
621 1878 731 1923 canere
741 1848 885 1941 adsideo,
899 1880 978 1950 quas

109 1964 280 2029 Socratem
295 1951 398 2023 ferunt
412 1952 549 2024 Conone
563 1957 711 2052 magistro
734 1956 913 2029 admodum
928 1957 980 2028 se-

111 2053 343 2155 nemattigiiie,
360 2080 436 2125 cum
453 2073 592 2129 mentem
607 2058 702 2132 subiit
717 2064 841 2149 mirari,
855 2078 978 2157 quanto

110 2166 176 2239 olei
193 2186 361 2264 operaeque
376 2162 539 2254 impendio
554 2164 633 2234 nihil
650 2165 741 2262 plane
756 2162 831 2235 seire
848 2163 982 2235 discere·

110 2295 195 2342 mus.
249 2267 508 2338 Admirationem
537 2266 698 2365 augebant
721 2272 805 2338 Sexti
826 2269 982 2364 Empirici

108 2375 297 2468 Pythonicae
305 2369 449 2443 adversus
460 2368 631 2468 disciplinas
641 2368 874 2455 diss'ertationes,
882 2394 983 2467 quem

110 2477 245 2553 illesane
254 2475 375 2545 librum
383 2479 546 2545 matutinis
554 2477 691 2560 horis‚ut
699 2492 762 2545 etat
770 2472 913 2546 indefeffi
922 2475 985 2543 stu·

116 2581 176 2668 dii,
187 2577 339 2667 versabat,
348 2594 518 2673 antequam
527 2580 565 2647 ad
583 2576 769 2676 profeffores
784 2581 918 2675 Peripati
933 2600 985 2647 ac·

116 2680 439 2771 cedoeeuthaberee
451 2707 548 2776 quem
555 2677 988 2776 cumeisconferret,praefer-

118 2800 249 2877 totque,
265 2786 356 2879 qnod
370 2788 392 2855 ii
407 2785 563 2854 sententiis
578 2784 676 2856 semel
697 2784 753 2853 fibi
767 2782 888 2855 sociatis
904 2806 987 2853 nun·

119 2910 243 2984 quam,
258 2910 300 2956 oe
313 2891 444 2957 veritatis
459 2888 587 2981 quidem
601 2893 632 2959 vi
650 2889 817 2978 compulsi,
832 2892 986 2959 nuncium

120 2992 301 3071 remittunt,
308 2987 358 3060 ille
365 2992 501 3083 ingenue
508 2988 622 3063 fatetur
631 2988 687 3057 fibi
699 2995 808 3084 ignota
824 2986 901 3075 effe,
917 3017 984 3088 qua

119 3120 193 3168 non
203 3092 347 3186 liquent:
368 3087 643 3186 distantiamque,
660 3116 697 3160 ac
719 3096 880 3165 exercendi
894 3100 987 3192 inge·

119 3204 167 3273 nii
176 3196 328 3270 libertate
334 3190 472 3275 uomet
486 3200 552 3289 quis
567 3196 645 3265 elius
660 3210 799 3267 veterum
814 3201 987 3271 Academi·

119 3326 251 3384 corum,
260 3318 346 3393 qvos
360 3316 431 3363 non
437 3294 596 3369 indisertus
602 3292 691 3393 fuiise
696 3302 786 3373 tradit
794 3304 987 3399 Cicero,pie·

119 3435 162 3480 na
171 3403 388 3502 gravitatis,ac
397 3393 580 3469 subtilitatis.
625 3394 1004 3488 Aderamtumfottnut'

124 3509 200 3607 sepe
209 3507 379 3599 alienanto
389 3500 483 3575 verba
491 3500 546 3575 fibi
554 3500 654 3576 data&
664 3508 864 3610 Philosophia
873 3530 992 3603 quere-

917 3618 1018 3665 mxx
